2250 4006
102 294 192 373 ‚302
343 256 389 367 ¹o
414 292 565 369 eursu
586 259 877 367 sriiusrrr'
958 258 995 421 Ἰ

120 487 232 570 cepit:
258 478 396 554 deinde,
423 473 582 542 converso
600 498 706 562 equo,
733 474 995 554 animadvortit,
1015 476 1073 545 fu·

121 606 202 676 gam
218 580 309 647 adse
325 579 421 646 vorsu
402 602 458 643 um
474 575 565 642 fieri·
598 600 684 664 quae
699 600 754 644 res
768 567 946 646 iudicabat
961 603 1069 669 popu·

120 679 204 752 laris
231 681 306 749 esse.
356 679 464 771 Igitur
490 670 690 764 equitatum
711 703 849 746 omnem
861 682 929 746 ad
964 682 1072 751 castra

121 807 271 879 propere
287 788 414 859 mum,
448 805 487 846 ae
503 775 669 849 statrmC
687 784 837 849 Marium
854 806 933 849 cum
948 784 1073 851 cohor

121 892 216 957 tibus
230 887 418 964 sociorum3
444 906 588 967 eumque
583 882 795 951 lacrumans
804 908 866 973 per
880 891 1073 975 amiciciam

122 1011 251 1085 perque
267 989 511 1074 rempublicam
527 987 698 1073 obsecrat,
722 1009 765 1052 ne
778 1008 880 1070 quam
896 1004 1073 1055 coutume-

123 1097 207 1161 liam
233 1111 410 1156 remanere
432 1094 469 1154 iu
491 1091 652 1153 exercitu
673 1092 823 1165 victore,
859 1112 947 1156 neve
967 1091 1076 1179 hostis

122 1195 254 1265 inultos
270 1188 487 1280 obirefinot:
510 1189 570 1253 ille
586 1192 684 1256 brevi
701 1191 860 1257 mandata
878 1191 998 1259 efficit.
1025 1192 1075 1259 At

125 1293 294 1386 iugurtha
308 1297 524 1356 munimento
546 1289 730 1359 castrorum
753 1294 963 1423 impeditum
995 1316 1074 1365 cum

124 1399 185 1465 alii
201 1396 301 1483 super
317 1395 442 1459 vallum
462 1391 800 1481 praecipitarentur¹
801 1391 852 1475 ²),
881 1397 969 1463 alii
956 1419 995 1461 in
1015 1418 1075 1461 an·
1083 1440 1086 1455 ἲ

122 1488 242 1589 'gustiis
256 1491 306 1577 ¹³)
290 1494 382 1584 )ips1
400 1492 460 1559 fibi
478 1509 703 1582 properantes
719 1494 930 1583 obficerent3
956 1499 1074 1564 multis
1101 1556 1104 1567 .

16 1630 18 1635 ·
126 1596 312 1675 amiffis,
302 1621 338 1662 ιη
360 1599 435 1662 loca
452 1602 585 1663 munita
604 1596 669 1663 sese
690 1604 815 1685 recipit
828 1596 891 1681 14)
948 1601 1076 1691 Metel

124 1701 199 1777 lus,
232 1698 380 1767 infecto
390 1687 534 1786 negotio
552 1693 620 1793 ²⁵),
653 1699 831 1789 postquam
847 1722 920 1773 nox
943 1684 1075 1785 aderat,

123 1809 162 1869 in
155 1798 286 1869 castra
302 1824 381 1868 cum
397 1807 553 1867 exercitu
568 1808 766 1923 revortitur.

467 1946 630 2113 Cruor²
665 2002 757 2071 LIX.

129 2199 132 2205 ·
203 2152 314 2247 Igitur
328 2152 465 2244 postero
492 2157 560 2234 die.
581 2163 677 2247 prius
703 2180 803 2245 quam
820 2161 863 2226 ad
872 2162 1080 2253 obpugnan-
1106 2144 1119 2211 .'

128 2259 211 2323 dum
240 2254 463 2348 egrederetur
489 2254 539 2339 ¹),
577 2267 764 2345 equitatum
797 2256 937 2330 omnem
965 2272 1005 2331 iu
1038 2286 1081 2332 ea

127 2373 246 2452 parte,
280 2380 346 2444 qua
379 2367 471 2449 regis
496 2362 662 2429 adventus
687 2377 760 2429 erat
782 2361 837 2445 ²),
868 2350 932 2456 pro
958 2366 1079 2435 castris

41 2462 44 2467 ’
130 2469 262 2553 agitare
276 2456 308 2541 ³)
322 2462 435 2550 jubet:
465 2477 583 2551 portas
600 2478 635 2530 et
647 2487 815 2555 proxuma
836 2469 912 2534 ioca
926 2474 1079 2537 tri-bunis

127 2564 310 2653 dispertit:
337 2565 461 2629 deinde
477 2563 557 2654 ipse
568 2575 683 2657 pergit
698 2569 741 2631 ad
757 2571 934 2656 oppidum,
961 2582 1079 2659 atqiie,

130 2679 170 2732 ut
193 2665 365 2754 superiore
387 2667 462 2745 die,
502 2690 635 2731 murum
663 2673 872 2759 adgreditur.
930 2674 1078 2743 interim

130 2768 298 2859 iugurtha
312 2789 358 2834 ex
372 2770 508 2835 occulto
521 2783 666 2860 repente
677 2771 809 2841 nostros
823 2779 968 2845 invadit.
1020 2786 1081 2867 qui

133 2936 335 2961 m
373 2934 375 2939 ’

168 3034 211 3100 12)
231 3031 286 3088 int
308 3051 325 3086 o
340 3031 449 3091 eastris.

166 3104 249 3172 15)i
266 3125 293 3176 q.
308 3104 415 3173 portis.

133 3238 136 3243 Ι
167 3178 213 3244 14)
233 3176 264 3228 G.
275 3177 393 3251 recepit...

166 3255 220 3314 15)·
233 3238 332 3298 Zama
337 3260 397 3297 non
410 3254 586 3316 expugnata

395 3386 397 3391 ·
504 3369 609 3422 Cruor
634 3368 710 3423 ux.
763 3364 768 3380 ¹

168 3452 196 3519 a)
214 3449 270 3505 int.
288 3449 415 3503 ecastris
429 3450 466 3503 ad
480 3453 599 3505 Zamam
620 3453 716 3508 denuo
738 3452 975 3525 oppuguandam.

145 3552 150 3565 ·
165 3538 200 3609 ο)
217 3528 387 3606 underegia
398 3537 512 3593 immo
519 3538 648 3593 maxime
661 3538 856 3611 exspeetanda
870 3547 944 3592 erat.

162 3607 227 3680 ὅ)
214 3624 273 3665 ue.
288 3616 357 3664 ante
375 3610 468 3665 eastra
481 3606 552 3679 (vid
556 3610 625 3663 flat.
636 3616 677 3670 ιδ.
684 3624 716 3662 a.
734 3604 788 3679 ι9.)
804 3607 964 3663 aristodium
976 3620 1080 3679 agere.
