2250 4006
110 282 190 368 524
325 278 368 350 C.
401 275 558 349 cursil
583 273 840 349 SALLUSTll

113 461 266 536 midine,
295 480 377 547 pars
399 458 443 523 ad
467 454 662 533 Romanos,
696 457 755 524 alii
779 457 822 522 ad
847 476 968 549 regem
986 452 1074 524 Boe·

118 556 269 644 cltum5)
294 561 540 650 profugerant3
580 581 659 624 cum
693 580 805 644 neque
838 561 971 631 bellurn
1000 566 1075 651 geri

119 665 186 731 fine
202 658 406 729 administris
423 658 543 748 pollet,
558 674 595 725 et
613 680 781 727 novorum
799 659 902 725 fidem
919 666 957 726 in
974 674 1075 727 tanta

119 766 265 858 perfidia
294 776 449 829 veterum
475 764 625 849 experiri
656 760 880 851 periculosum
916 763 1074 840 duceret,

121 875 238 935 varius
251 874 472 950 incertusque
490 865 682 951 agitabatur
697 861 749 941 4);
786 862 907 951 Neque
924 865 981 930 illi
1009 884 1074 943 res,

121 991 234 1055 neque
251 964 425 1033 confilium
443 975 501 1029 aut
516 968 696 1050 quisquam
711 963 889 1032 hominum
906 964 990 1033 satis
1005 968 1075 1056 pla·

124 1075 244 1138 eebat:
270 1071 395 1134 itinera
407 1064 670 1154 praefectosque
684 1071 719 1130 iu
740 1070 813 1133 dies
829 1078 984 1147 mutare3
1004 1088 1075 1133 mo·

123 1175 171 1239 do
186 1169 363 1238 advorsum
381 1161 505 1244 hostis,
534 1168 708 1232 interdum
723 1173 760 1234 in
781 1167 983 1236 solitudines
998 1188 1076 1259 per·
1109 1193 1112 1197 ·

124 1295 226 1364 gere:
250 1270 347 1358 saepe
361 1272 399 1335 in
420 1268 523 1356 luga3
548 1288 588 1334 ae
602 1264 677 1356 post
691 1268 793 1358 paulo
808 1269 840 1350 s)
860 1269 1004 1361 spemin
1023 1290 1073 1337 nr-

124 1383 192 1442 mis
217 1373 360 1438 habere:
401 1373 579 1446 dubitare,
621 1377 739 1438 virtuti
764 1392 806 1436 an
830 1368 910 1439 fidei
933 1375 1074 1463 popula·

126 1484 216 1543 rium
231 1465 266 1551 ⁶)
283 1480 398 1541 minus
414 1474 583 1538 crederet.
635 1478 703 1550 ita,
729 1479 944 1560 quocumque
960 1481 1073 1541 inten-

126 1580 226 1645 derat
241 1570 298 1665 7),
324 1596 381 1641 res
395 1571 556 1641 advorsae
570 1585 680 1639 erant.
729 1568 798 1642 Sed
816 1582 983 1641 intereas
999 1596 1071 1641 mo·
1102 1596 1105 1603 ’

125 1701 182 1748 ras
198 1690 341 1767 repente
362 1674 429 1743 sese
445 1676 609 1743 Metellus
630 1690 709 1741 'cum
735 1684 891 1751 exercitu
915 1679 1074 1745 ostendit.

128 1779 301 1849 Numidae
315 1779 359 1844 ab
382 1778 547 1868 iugurtha
569 1797 634 1866 pro
648 1789 805 1868 tempore
827 1784 938 1869 parati
952 1776 1073 1845 instru-

130 1892 246 1968 ctique
264 1881 338 1946 suot
352 1871 405 1961 ⁸):
439 1881 518 1943 dein
535 1879 701 1967 praelium
717 1884 891 1970 incipitur.
935 1880 1013 1971 Qua
1037 1887 1075 1946 in

130 1999 230 2077 parte
244 1982 307 2049 r'ex
329 1976 515 2071 pugnares)
538 1981 669 2058 adfuit,
701 1984 751 2048 ibi
776 1984 982 2069 aliquamdiu
998 2004 1072 2046 cer·

130 2096 258 2153 tatum:
292 2088 400 2147 ceteri
414 2100 537 2148 omnes
561 2085 634 2170 ejus
650 2083 779 2150 milites
792 2080 841 2165 ¹⁰)
861 2090 972 2172 primo
991 2106 1073 2149 con·

131 2185 229 2253 cursu
252 2181 336 2273 pulfi
360 2184 549 2274 fugatique.
600 2182 747 2277 Romani
774 2183 942 2274 figuorum
965 2197 1000 2250 et
1021 2206 1071 2250 ar·

129 2304 270 2375 morum
281 2285 455 2370 aliquanto
470 2302 623 2361 numero,
645 2273 791 2353 hostium
810 2292 999 2377 paucordm
1015 2310 1073 2376 po·

20 2398 23 2403 '
130 2396 188 2459 titi
203 2386 263 2466 ¹¹).
313 2403 393 2453 nant
418 2385 529 2452 ferme
554 2386 720 2454 Numidas
743 2395 779 2455 in
802 2393 965 2461 omnibus
978 2406 1075 2483 prae·

129 2490 187 2559 liis
204 2491 309 2583 pedes
331 2493 459 2580 magis,
485 2510 586 2576 quam
601 2496 783 2558 arma'tuta
799 2490 888 2559 lunt.

214 2651 278 2703 Viri.
296 2666 322 2701 c.
345 2665 355 2701 ι
378 2686 386 2702 .
403 2656 432 2701 et
446 2652 489 2709 80.
769 2694 774 2703 ,

166 2654 196 2791 Ξ)
216 2722 250 2773 C.
268 2735 303 2771 ex
318 2662 387 2788 alig.
401 2716 472 2771 Cdd.
486 2716 619 2790 agitabat
635 2714 667 2788 (i.
683 2737 709 2776 e.
724 2718 809 2791 erat),
822 2714 872 2776 sed
887 2736 912 2775 e.
921 2731 964 2790 05.
978 2716 1073 2774 diror-

201 2791 247 2841 lus
260 2788 433 2860 agitabatur.
471 2787 517 2839 Cf.
533 2789 596 2840 Cat.
612 2805 637 2857 9.
654 2807 683 2843 n.
696 2805 725 2859 4.

166 2860 194 2922 5)
215 2856 273 2907 Alii
290 2859 379 2927 paulo
421 2859 459 2925 fc·
494 2857 541 2909 cf.
555 2873 599 2925 γι.
620 2875 650 2910 n.
663 2876 690 2926 4.

164 2929 193 2994 δ’)
214 2924 247 2979 C.
267 2924 325 2977 hoe
339 2877 469 3005 ‘exsiliet
497 2924 602 2979 virtuti
619 2924 722 2998 popul.
744 2943 782 2980 an
793 2924 875 2997 ,ἦδος
898 2922 935 2981 da
951 2938 1011 3000 qno
1022 2938 1073 2996 pe·

198 2993 304 3046 literne
318 2996 375 3047 vid.
391 3012 416 3046 e.
431 3008 474 3061 52·
487 3006 517 3046 n.
531 3010 558 3060 4.

165 3062 196 3131 7)
214 3062 233 3112 i.
253 3076 282 3131 q.
298 3059 486 3131 intendebat,
503 3061 524 3117 i.
541 3079 566 3117 e.
581 3058 711 3119 animum
722 3062 925 3119 convertebat

167 3138 197 3195 8)
209 3135 278 3198 suat
289 3131 324 3183 G.
338 3131 458 3198 abjecit.

165 3200 194 3273 9)
214 3200 248 3253 C.
263 3215 330 3252 oum
344 3200 446 3269 paucis
460 3194 532 3255 cdd.
543 3221 656 3274 pugnae
669 3200 787 3269 abiecit.

168 3285 213 3349 ao)
231 3281 268 3335 C.
280 3282 459 3337 adsentiente
473 3284 560 3338 Grut.
579 3290 641 3361 ejus
654 3292 759 3346 milites
776 3282 904 3342 includi.

166 3370 210 3435 n)
227 3366 502 3439 delectatione,
528 3386 596 3427 cum
615 3373 722 3438 majori
741 3372 812 3427 cdd.
829 3381 955 3428 numero
970 3372 1002 3423 et
1015 3360 1077 3421 exl-

198 3452 257 3506 gua
274 3438 481 3492 mutationeC.
502 3439 657 3496 constituit.
692 3442 806 3522 Vulgo:
826 3443 913 3497 Rom.
929 3439 1078 3511 [ignorat

198 3522 306 3558 armor.
315 3524 342 3562 ιι
355 3505 426 3577 aliq.
434 3522 514 3560 uum.
530 3508 656 3564 hostium
669 3509 768 3581 potita.
786 3511 842 3564 Sed
855 3506 1011 3581 sequeutia
1023 3500 1077 3559 do·

200 3585 277 3645 aaut,
295 3574 422 3635 hostium
443 3586 600 3633 numerum
609 3600 680 3654 prae
698 3582 798 3637 aerata
821 3579 960 3653 eximium
979 3570 1088 3633 taine„

62 3660 159 3797 *ff
